<record><leader>00000cas a22000007a 4500</leader><controlfield tag="001">25980732</controlfield><controlfield tag="008">920609d18721873maumr ne      0    0eng d</controlfield><datafield ind1=" " ind2=" " tag="010"><subfield code="a">sn 92057017 </subfield></datafield><datafield ind1=" " ind2=" " tag="040"><subfield code="a">MGN</subfield><subfield code="b">eng</subfield><subfield code="c">MGN</subfield><subfield code="d">MBN</subfield><subfield code="d">OCLCQ</subfield><subfield code="d">OCLCF</subfield><subfield code="d">OCLCO</subfield></datafield><datafield ind1="1" ind2=" " tag="029"><subfield code="a">AU@</subfield><subfield code="b">000020747438</subfield></datafield><datafield ind1=" " ind2=" " tag="042"><subfield code="a">msc</subfield></datafield><datafield ind1=" " ind2=" " tag="043"><subfield code="a">n-us-me</subfield></datafield><datafield ind1="0" ind2="0" tag="245"><subfield code="a">Castine gazette.</subfield></datafield><datafield ind1=" " ind2=" " tag="260"><subfield code="a">Castine, Me. :</subfield><subfield code="b">Geo. A. Wheeler</subfield></datafield><datafield ind1=" " ind2=" " tag="300"><subfield code="a">v.</subfield></datafield><datafield ind1=" " ind2=" " tag="310"><subfield code="a">Monthly</subfield></datafield><datafield ind1="0" ind2=" " tag="362"><subfield code="a">No. 4 (May 1872)-no. 13 (Feb. &amp; Mar. 1873) ; v. 2, no. 1 (Apr. 1873)-v. 2, no. 6 (Sept. 1873).</subfield></datafield><datafield ind1=" " ind2="0" tag="651"><subfield code="a">Castine (Me.)</subfield><subfield code="v">Newspapers.</subfield></datafield><datafield ind1=" " ind2="7" tag="655"><subfield code="a">Newspapers.</subfield><subfield code="2">fast</subfield><subfield code="0">(OCoLC)fst01423814</subfield></datafield><datafield ind1=" " ind2="7" tag="651"><subfield code="a">Maine</subfield><subfield code="z">Castine.</subfield><subfield code="2">fast</subfield><subfield code="0">(OCoLC)fst01214056</subfield></datafield><datafield ind1=" " ind2=" " tag="752"><subfield code="a">United States</subfield><subfield code="b">Maine</subfield><subfield code="c">Hancock</subfield><subfield code="d">Castine.</subfield></datafield><datafield ind1="0" ind2="0" tag="780"><subfield code="t">Castine monthly news</subfield><subfield code="w">(DLC)sn 92057006</subfield></datafield></record>